@article{raff_routing_1983,
	title = {Routing and scheduling of vehicles and crews. {The} state of the art.},
	volume = {10},
	issn = {03050548},
	url = {https://linkinghub.elsevier.com/retrieve/pii/0305054883900308},
	doi = {10.1016/0305-0548(83)90030-8},
	language = {en},
	number = {2},
	urldate = {2021-06-03},
	journal = {Computers \& Operations Research},
	author = {Raff, Samuel},
	month = jan,
	year = {1983},
	pages = {63--211}
}